@Book{diskreteStrukturen,
	title = "Diskrete Strukturen -- kurz gefasst",
	series = "Spektrum--Hochschultaschenbuch",
	author = "Ulrich Knauer",
	year = "2011",
	publisher = "Spektrum Akademischer Verlag"
}

@Book{hartmann,
	title = "Mathematik f端r Informatiker -- ein praxisbezogenes Lehrbuch",
	series = "Mathematik/Informatik",
	author = "Peter Hartmann",
	year = "2004",
	publisher = "Vieweg",
	edition = "3"
}

@Book{haggarty,
	title = "Diskrete Mathematik f端r Informatiker",
	author = "Rod Haggarty",
	year = "2007",
	publisher = "Pearson Studium"
}

@Book{pareigis,
	title = "Lineare Algebra f端r Informatiker",
	author = "Bodo Pareigis",
	year = "2000",
	publisher = "Springer"
}

@Book{flum,
	title = "Einf端hrung in die mathematische Logik",
	series = "Hochschultaschenbuch",
	author = "H. -D. Ebbinghaus / J. Flum / W. Thomas",
	year = "2007",
	publisher = "Spektrum Akademischer Verlag",
	edition = "5"
}